@ARTICLE{2015arXiv151207914J,
   author = {{Juri{\'c}}, M. and {Kantor}, J. and {Lim}, K. and others},
    title = "{The LSST Data Management System}",
  journal = {ArXiv e-prints},
archivePrefix = "arXiv",
   volume = {arXiv:1512.07914},
 primaryClass = "astro-ph.IM",
 keywords = {Astrophysics - Instrumentation and Methods for Astrophysics},
     year = 2015,
   adsurl = {http://adsabs.harvard.edu/abs/2015arXiv151207914J},
  adsnote = {Provided by the SAO/NASA Astrophysics Data System}
}

@ARTICLE{2016arXiv161100751J,
   author = {{Jenness}, T.},
    title = "{Porting the LSST Data Management Pipeline Software to Python 3}",
  journal = {ArXiv e-prints},
archivePrefix = "arXiv",
   volume = {arXiv:1611.00751},
 primaryClass = "astro-ph.IM",
 keywords = {Astrophysics - Instrumentation and Methods for Astrophysics, Computer Science - Software Engineering},
     year = 2016,
   adsurl = {http://adsabs.harvard.edu/abs/2016arXiv161100751J},
  adsnote = {Provided by the SAO/NASA Astrophysics Data System}
}

@ARTICLE{2017arXiv171200461J,
   author = {{Jenness}, T.},
    title = "{Modern Python at the Large Synoptic Survey Telescope}",
  journal = {ArXiv e-prints},
archivePrefix = "arXiv",
   volume = {arXiv:1712.00461},
 primaryClass = "astro-ph.IM",
 keywords = {Astrophysics - Instrumentation and Methods for Astrophysics},
     year = 2017,
   adsurl = {http://adsabs.harvard.edu/abs/2017arXiv171200461J},
  adsnote = {Provided by the SAO/NASA Astrophysics Data System}
}

@INPROCEEDINGS{2016SPIE.9911E..0NK,
   author = {{Kantor}, J. and others},
    title = "{Agile software development in an earned value world: a survival guide}",
booktitle = {Modeling, Systems Engineering, and Project Management for Astronomy VI},
   editor = {George Z. Angeli and Philippe Dierickx},
     year = 2016,
   series = {Proc.\ SPIE},
   volume = 9911,
      eid = {99110N},
    pages = {99110N},
      doi = {10.1117/12.2233380},
   adsurl = {http://adsabs.harvard.edu/abs/2016SPIE.9911E..0NK},
  adsnote = {Provided by the SAO/NASA Astrophysics Data System}
}

@INPROCEEDINGS{2016SPIE.9913E..0GJ,
   author = {{Jenness}, T. and others},
    title = "{Investigating interoperability of the LSST data management software stack with Astropy}",
booktitle = {Software and Cyberinfrastructure for Astronomy IV},
     year = 2016,
   series = {\procspie},
   editor = {Gianluca Chiozzi and Juan C. Guzman},
   volume = 9913,
      eid = {99130G},
    pages = {99130G},
      doi = {10.1117/12.2231313},
   adsurl = {http://adsabs.harvard.edu/abs/2016SPIE.9913E..0GJ},
  adsnote = {Provided by the SAO/NASA Astrophysics Data System}
}

@ARTICLE{2018arXiv180102634T,
   author = {{The Astropy Collaboration}},
    title = "{The Astropy Project: Building an inclusive, open-science project and status of the v2.0 core package}",
  journal = {ArXiv e-prints},
archivePrefix = "arXiv",
   volume = {arXiv:1801.02634},
 primaryClass = "astro-ph.IM",
 keywords = {Astrophysics - Instrumentation and Methods for Astrophysics},
     year = 2018,
   adsurl = {http://adsabs.harvard.edu/abs/2018arXiv180102634T},
  adsnote = {Provided by the SAO/NASA Astrophysics Data System}
}



@ARTICLE{2008arXiv0805.2366I,
   author = {{Ivezic}, Z. and others},
    title = "{LSST: from Science Drivers to Reference Design and Anticipated Data Products}",
  journal = {ArXiv e-prints},
archivePrefix = "arXiv",
   volume = {arXiv:0805.2366},
 keywords = {Astrophysics},
     year = 2008,
   adsurl = {http://adsabs.harvard.edu/abs/2008arXiv0805.2366I},
  adsnote = {Provided by the SAO/NASA Astrophysics Data System}
}

@ARTICLE{2004AAS...20510811A,
   author = {{Axelrod}, T. and others},
    title = "{The LSST Data Processing Pipeline}",
     year = 2004,
  journal = {BAAS},
   volume = 36,
      eid = {108.11},
    pages = {1529},
   adsurl = {http://adsabs.harvard.edu/abs/2004AAS...20510811A},
  adsnote = {Provided by the SAO/NASA Astrophysics Data System}
}

@MISC{GitHubFlow,
    title = "{Understanding the GitHub Flow}",
    howpublished = "GitHub, 30 November 2017 \url{https://guides.github.com/introduction/flow/}",
    note = {(Accessed: 21 March 2018)}
}

@MISC{Gitflow,
    title = "{A successful Git branching model}",
    author = {{Driessen}, V.},
    howpublished = "5 Jan 2010 \url{http://nvie.com/posts/a-successful-git-branching-model/}",
    note = {(Accessed: 21 March 2018)}
}

@MISC{devguide,
  title = "{LSST DM Developer Guide}",
  howpublished = "LSST, March 2018 \url{https://developer.lsst.io}",
  note = {(Accessed: 4 April 2018)}
}

@MISC{doxygen,
  title = "{Doxygen Manual}",
  author = "Dimitri van Heesch",
  howpublished = "2017 \url{https://www.stack.nl/~dimitri/doxygen/manual/index.html}",
  note = {(Accessed: 5 April 2018)}
}

@MISC{numpydoc,
  title = "{numpydoc -â€“ Numpy's Sphinx extensions}",
  howpublished = "4 April 2018 \url{https://numpydoc.readthedocs.io}",
  note = {(Accessed: 5 April 2018)}
}

@MISC{jsdoc,
  title = "{@use JSDoc}",
  howpublished = "JSDoc 3 documentation project, 2018 \url{http://usejsdoc.org}",
  note = {(Accessed: 5 April 2018)},
}

@MISC{cpp14,
  title = "{ISO/IEC 14882:2014 -- Programming Languages -- C++}",
  howpublished = "International Organization for Standardization, 2014 (ISO) \url{https://www.iso.org/standard/64029.html}",
}

@MISC{pep8,
  author = "Guido van Rossum",
  title = "{PEP 8 -- Style Guide for Python Code}",
  howpublished = "Python Software Foundation, 1 August 2013, \url{https://www.python.org/dev/peps/pep-0008/}",
  note = {(Accessed: 5 April 2018)}
}

@MISC{clangformat,
  title = "{ClangFormat}",
  howpublished = "The Clang Team, 2018 \url{http://clang.llvm.org/docs/ClangFormat.html}",
  note = {(Accessed: 5 April 2018)},
}

@MISC{clangtidy,
  title = "{ClangTidy}",
  howpublished = "The Clang Team, 2018 \url{http://clang.llvm.org/extra/clang-tidy}",
  note = {(Accessed: 5 April 2018)},
}

@MISC{pytest,
  title = "{pytest: helps you write better programs}",
  author = "Holger Krekel",
  howpublished = "2017 \url{https://docs.pytest.org}",
  note = {(Accessed: 5 April 2018)},
}

@MISC{googlestyle,
  title = "{Google C++ Style Guide}",
  howpublished = "2017 \url{https://google.github.io/styleguide/cppguide.html}",
  note = {(Accessed: 5 April 2018)},
}

@MISC{semver,
  title = "{Semantic Versioning}",
  author = "Tom Preston-Werner",
  howpublished = "2013 \url{https://semver.org}",
  note = {(Accessed: 5 April 2018)},
}

@INPROCEEDINGS{2014SPIE.9150E..1EG,
   author = {{Gill}, R. and {Gracia}, G. and {Lupton}, R.~H. and {O'Mullane}, W.},
    title = "{Novel technique for tracking manpower and work packages: a useful tool for the team and management}",
booktitle = {Modeling, Systems Engineering, and Project Management for Astronomy VI},
     year = 2014,
   series = {\procspie},
   editor = {George Z. Angeli and Philippe Dierickx},
   volume = 9150,
      eid = {91501E},
    pages = {91501E},
      doi = {10.1117/12.2054745},
   adsurl = {http://adsabs.harvard.edu/abs/2014SPIE.9150E..1EG},
  adsnote = {Provided by the SAO/NASA Astrophysics Data System}
}

@INPROCEEDINGS{2016SPIE.9913E..0YR,
   author = {{Roby}, W. and others},
    title = "{Firefly: embracing future web technologies}",
booktitle = {Software and Cyberinfrastructure for Astronomy IV},
     year = 2016,
   series = {\procspie},
   editor = {Gianluca Chiozzi and Juan C. Guzman},
   volume = 9913,
      eid = {99130Y},
    pages = {99130Y},
      doi = {10.1117/12.2233042},
   adsurl = {http://adsabs.harvard.edu/abs/2016SPIE.9913E..0YR},
  adsnote = {Provided by the SAO/NASA Astrophysics Data System}
}

@MISC{SQR-009,
  author = "Angelo Fausti",
  title = "{The SQuaSH dashboard}",
  year = 2018,
  howpublished = "{LSST SQuaRE Tech Note SQR-009, LSST \url{https://sqr-009.lsst.io}}",
}

@MISC{DMTN-020,
  author =       {Jacek Becla and others},
  title =        "{Project Management Guide}",
  year =         2016,
  howpublished = "{LSST DM Tech Note DMTN-20, LSST \url{https://dmtn-020.lsst.io}}",
  publisher =    {LSST},
  handle =       {DMTN-020},
  url =          {https://dmtn-020.lsst.io/}
}

@MISC{LDM-294,
  author =       {William O'Mullane and others},
  title =        "{Data Management Organization and Management}",
  year =         2017,
  howpublished = "{LDM-294, LSST \url{https://ls.st/LDM-294}}",
  publisher =    {LSST},
  handle =       {LDM-294},
  url =          {https://ldm-294.lsst.io/}
}

@MISC{LDM-148,
  author =       {K.-T. Lim and others},
  title =        "{Data Management System Design}",
  year =         2017,
  howpublished = "{LDM-148, LSST, \url{https://ls.st/LDM-148}}",
  publisher =    {LSST},
  handle =       {LDM-148},
}

@MISC{LSE-29,
  author = "Charles F. Claver and others",
  title = "{LSST System Requirements}",
  year = 2017,
  howpublished = {LSE-29, LSST \url{https://ls.st/LSE-29}}
}

@MISC{LSE-30,
  author = "Charles F. Claver and others",
  title = "{Observatory System Specifications}",
  year = 2018,
  howpublished = {LSE-30, LSST \url{https://ls.st/LSE-30}}
}

@MISC{LSE-61,
  author = "Gregory Dubois-Felsmann and Tim Jenness",
  title = "{Data Management System (DMS) Requirements}",
  year = 2018,
  howpublished = {LSE-61, LSST \url{https://ls.st/LSE-61}}
}

@MISC{LSE-163,
  author = "M. Juric and others",
  title = "{Data Product Definition Document}",
  year = 2018,
  howpublished = {LSE-163, LSST \url{https://ls.st/LSE-163}}
}

@Misc{LSE-319,
  author =       {M. Juri\'c and D. Ciardi and G.P. Dubois-Felsmann},
  title =        "{LSST Science Platform Vision Document}",
  year =         2017,
  howpublished = {LSE-319, LSST \url{https://ls.st/LSE-319}},
}

@MISC{LPM-17,
  author =       {{\v Z}. {Ivezi{\'c}} and {The LSST Science
                  Collaboration}},
  title =        "{LSST Science Requirements Document}",
  year =         2018,
  howpublished = {LPM-17, LSST \url{https://ls.st/LPM-17}},
}

@MISC{Document-17187,
  author = "F. Economou and K.-T. Lim",
  year = 2014,
  title = "GitHub Migration Plan",
  howpublished = {Document-17187, LSST \url{https://ls.st/Document-17187}}
}

@inproceedings{2011Wang:2011:QDS:2063348.2063364,
  Acmid =        2063364,
  Articleno =    12,
  Author =       {Wang, Daniel L. and Monkewitz, Serge M. and Lim,
                  Kian-Tat and Becla, Jacek},
  Booktitle =    {State of the Practice Reports},
  Doi =          {http://doi.acm.org/10.1145/2063348.2063364},
  Isbn =         {978-1-4503-1139-7},
  Keywords =     {MPP, database, distributed, file system, parallel,
                  shared-nothing},
  Location =     {Seattle, Washington},
  Numpages =     11,
  Pages =        {12:1--12:11},
  Publisher =    {ACM},
  Series =       {SC '11},
  Title =        "{Qserv: a distributed shared-nothing database for the
                  LSST catalog}",
  Url =          {http://doi.acm.org/10.1145/2063348.2063364},
  Year =         2011,
  Bdsk-Url-1 =   {http://doi.acm.org/10.1145/2063348.2063364}
}

@ARTICLE{2018PASJ...70S...5B,
   author = {{Bosch}, J. and others},
    title = "{The Hyper Suprime-Cam software pipeline}",
  journal = {PASJ},
archivePrefix = "arXiv",
   eprint = {1705.06766},
 primaryClass = "astro-ph.IM",
 keywords = {methods: data analysis, surveys, techniques: image processing},
     year = 2018,
   volume = 70,
      eid = {S5},
    pages = {S5},
      doi = {10.1093/pasj/psx080},
   adsurl = {http://adsabs.harvard.edu/abs/2018PASJ...70S...5B},
  adsnote = {Provided by the SAO/NASA Astrophysics Data System},
}

@ARTICLE{1742-6596-331-4-042003,
   author  =  {Jakob Blomer and Carlos Aguado-S\'anchez and Predrag Buncic and Artem Harutyunyan},
    title  =  {Distributing {{LHC}} application software and conditions databases using the {{CernVM}} file system},
  journal  =  {Journal of Physics: Conference Series},
   volume  =  {331},
   number  =  {4},
    pages  =  {042003},
      url  =  {http://stacks.iop.org/1742-6596/331/i=4/a=042003},
     year  =  {2011},
}

@ARTICLE{2005Scons1377085,
   author = {S. Knight},
  journal = {Computing in Science Engineering},
    title = "{Building software with SCons}",
     year = {2005},
   volume = {7},
   number = {1},
    pages = {79-88},
 keywords = {configuration management;programming environments;software libraries;software tools;SCons;commercial packages;hardware platforms;next-generation software build tool;open-source packages;operating systems;software building;software creation;software libraries;software package;software programming;software projects;source code;Buildings;Open source software;Operating systems;Packaging;Program processors;Software libraries;Software packages;libraries;programming;software},
      doi = {10.1109/MCSE.2005.11},
     ISSN = {1521-9615},
}

@ARTICLE{2016A&C....15...33B,
   author = {{Berry}, D.~S. and {Warren-Smith}, R.~F. and {Jenness}, T.},
    title = "{AST: A library for modelling and manipulating coordinate systems}",
  journal = {Astronomy and Computing},
archivePrefix = "arXiv",
   eprint = {1602.06681},
 primaryClass = "astro-ph.IM",
 keywords = {World Coordinate Systems, Data models, Starlink},
     year = 2016,
   volume = 15,
    pages = {33-49},
      doi = {10.1016/j.ascom.2016.02.003},
   adsurl = {http://adsabs.harvard.edu/abs/2016A%26C....15...33B},
  adsnote = {Provided by the SAO/NASA Astrophysics Data System}
}

@INPROCEEDINGS{2014SPIE.9150E..0MC,
   author = {{Claver}, C.~F. and others},
    title = "{Systems engineering in the Large Synoptic Survey Telescope project: an application of model based systems engineering}",
booktitle = {Modeling, Systems Engineering, and Project Management for Astronomy VI},
     year = 2014,
   series = {\procspie},
   editor = {George Z. Angeli and Philippe Dierickx},
   volume = 9150,
      eid = {91500M},
    pages = {91500M},
      doi = {10.1117/12.2056781},
   adsurl = {http://adsabs.harvard.edu/abs/2014SPIE.9150E..0MC},
  adsnote = {Provided by the SAO/NASA Astrophysics Data System}
}

@INPROCEEDINGS{AS18-AS110-10707-16,
  author = {F. Economou and others},
  title = "{We're all programmers now: the JupyterLab notebook environment of the LSST science platform}",
  booktitle = {Software and Cyberinfrastructure for Astronomy V},
  year = 2018,
  volume = 10707,
  series = {\procspie},
  pages = {in press},
  editor = {J. C. Guzman and J. Ibsen},
}

@MISC{Procida:2017,
  title = "{What nobody tells you about documentation}",
  howpublished = "Daniele Procida, 2017 \url{https://www.divio.com/en/blog/documentation/}",
  note = {(Accessed: 9 April 2018)},
}

@MISC{pipelines-guide,
  title = "{LSST Science Pipelines User Guide}",
  howpublished = "LSST, April 2018 \url{https://pipelines.lsst.io}",
  note = {(Accessed: 9 April 2018)}
}

@MISC{stackyter,
  author = {N. Chotard},
  title = "stackyter",
  howpublished = "2017 \url{http://stackyter.readthedocs.io}",
  note = {(Accessed: 11 April 2018)},
}

@MISC{LPM-51,
  author =       {Robert McKercher},
  title =        "{Document Management Plan}",
  year =         2017,
  howpublished = {LPM-51, LSST \url{https://ls.st/LPM-51}},
}

@MISC{LDM-555,
  author =       {Jacek Becla},
  title =        "{Data Management Database Requirements}",
  year =         2017,
  month =        jun,
  handle =       {LDM-555},
  url = {https://ls.st/ldm-555},
}

@MISC{LDM-556,
  author =       {Gregory Dubois-Felsmann},
  title =        "{Data Management Middleware Requirements}",
  year =         2017,
  month =        dec,
  handle =       {LDM-556},
  url = {https://ls.st/ldm-556},
}

@MISC{LDM-129,
  author =       {Mike Freemon and Jeff Kantor},
  title =        "{Data Management Infrastructure Design}",
  year =         2013,
  month =        oct,
  handle =       {LDM-129},
  url = {https://ls.st/ldm-129}
}

@MISC{LDM-135,
  author =       {Jacek Becla and Daniel Wang and Serge Monkewitz and
                  K-T Lim and Douglas Smith and Bill Chickering},
  title =        "{Database Design}",
  year =         2013,
  month =        oct,
  handle =       {LDM-135},
  url = {https://ls.st/ldm-135}
}

@MISC{LDM-151,
  author =       {John D. Swinbank and others},
  title =        "{Data Management Science Pipelines Design}",
  year =         2017,
  month =        may,
  handle =       {LDM-151},
  url = {https://ls.st/ldm-151}
}

@MISC{LDM-152,
  author =       {Kian-Tat Lim and Gregory Dubois-Felsmann and M. Johnson
                  and M. Juri\'c and D. Petravick},
  title =        "{Data Management Middleware Design}",
  year =         2017,
  month =        jul,
  handle =       {LDM-152},
  url = {https://ls.st/ldm-152}
}

@MISC{LDM-503,
  author =       {William O'Mullane and Mario Juri\'c and Frossie
                  Economou},
  title =        "{Data Management Test Plan}",
  year =         2017,
  howpublished = {LDM-503, LSST \url{https://ls.st/ldm-503}},
}

@MISC{LDM-542,
  author =       {Gregory Dubois-Felsmann and Kian-Tat Lim and Xiuqin Wu and Frossie Economou and Fritz Mueller and Brian Van Klaveren and Kenny Lo},
  title =        "{LSST Science Platform Design}",
  year =         2017,
  month =        jun,
  handle =       {LDM-542},
  url = {https://ls.st/ldm-542}
}

@MISC{LDM-554,
  author =       {David Ciardi and Gregory Dubois-Felsmann},
  title =        "{Science Platform Requirements}",
  year =         2017,
  month =        jun,
  handle =       {LDM-554},
  url = {https://ls.st/ldm-554}
}

@MISC{LSE-78,
  author =       {Ron Lambert and Jeff Kantor and Mike Huffer and Chip Cox
                  and Paul Wefel and Matt Kollross and Sandra Jaque},
  title =        "{ LSST Observatory Network Design}",
  year =         2017,
  month =        apr,
  handle =       {LSE-78},
}

@BOOK{Baker:2013,
  author = {Mark Baker},
  title = "{Every Page Is Page One: Topic-Based Writing for Technical Communication and the Web}",
  year = 2013,
  publisher = {XML Press},
}

@MISC{DMTN-030,
  author = {Jonathan Sick and Mandeep S.S. Gill and Simon Krughoff and John Swinbank},
   title = "{Science Pipelines Documentation Design}",
    year = 2017,
  howpublished = {LSST DM Tech Note DMTN-030, LSST \url{https://dmtn-030.lsst.io}},
}

@BOOK{Gentle:2017,
  author = {Anne Gentle},
  title = "{Docs like code}",
  year = 2013,
  publisher = {Just Write Click}
}

@MISC{SQR-006,
  author = {Jonathan Sick},
  title = "{The LSST the Docs Platform for Continuous Documentation Delivery}",
  year = 2016,
  howpublished = {LSST SQuaRE Tech Note SQR-006, LSST \url{https://sqr-006.lsst.io}},
}

@MISC{lsst-texmf,
  author = {Tim Jenness},
  title = "{lsst-texmf: The LSST LaTeX classes}",
  year = 2017,
  howpublished = "LSST \url{https://lsst-texmf.lsst.io}",
  note = {(Accessed: 9 April 2018)}
}

@Misc{EUPS,
  author =       {Nikhil Padmanabhan and Robert Lupton and Craig
                  Loomis},
  title =        {{EUPS --- a Tool to Manage Software Dependencies}},
  howpublished = {\url{https://github.com/RobertLuptonTheGood/eups}},
  year =         2015,
}

@MISC{DMTN-001,
  author = {Tim Jenness},
   title = "{Porting the stack to OS X El Capitan}",
    year = 2015,
  howpublished = {LSST DM Tech Note DMTN-001, LSST \url{https://dmtn-001.lsst.io}},
}

@MISC{puppetconf-jenkins,
  author = {J. Hoblitt},
  title = "{Puppet vs. Jenkins: A Tale of Types and Providers}",
  howpublished = "\url{https://puppet.com/presentations/puppet-vs-jenkins-tale-types-and-providers}",
  year = 2015,
  note = {(Accessed: 11 April 2018)}
}

@ARTICLE{2014arXiv1407.6463E,
       author = {{Economou}, Frossie and {Hoblitt}, Joshua C. and {Norris}, Pat},
        title = "{Your data is your dogfood: DevOps in the astronomical observatory}",
      journal = {ArXiv e-prints},
     keywords = {Astrophysics - Instrumentation and Methods for Astrophysics, Computer
        Science - Software Engineering},
         year = 2014,
        month = Jul,
archivePrefix = {arXiv},
       volume = {arXiv:1407.6463},
       adsurl = {https://ui.adsabs.harvard.edu/#abs/2014arXiv1407.6463E},
      adsnote = {Provided by the SAO/NASA Astrophysics Data System}
}
